%YAML 1.1
%TAG !u! tag:unity3d.com,2011:
--- !u!1 &125242
GameObject:
  m_ObjectHideFlags: 0
  m_PrefabParentObject: {fileID: 0}
  m_PrefabInternal: {fileID: 100100000}
  serializedVersion: 4
  m_Component:
  - 4: {fileID: 467328}
  - 95: {fileID: 9545018}
  m_Layer: 0
  m_Name: bulletColumn
  m_TagString: Untagged
  m_Icon: {fileID: 0}
  m_NavMeshLayer: 0
  m_StaticEditorFlags: 0
  m_IsActive: 1
--- !u!1 &136594
GameObject:
  m_ObjectHideFlags: 0
  m_PrefabParentObject: {fileID: 0}
  m_PrefabInternal: {fileID: 100100000}
  serializedVersion: 4
  m_Component:
  - 4: {fileID: 457894}
  m_Layer: 0
  m_Name: bulletDock03
  m_TagString: Untagged
  m_Icon: {fileID: 0}
  m_NavMeshLayer: 0
  m_StaticEditorFlags: 0
  m_IsActive: 1
--- !u!1 &145792
GameObject:
  m_ObjectHideFlags: 1
  m_PrefabParentObject: {fileID: 0}
  m_PrefabInternal: {fileID: 100100000}
  serializedVersion: 4
  m_Component:
  - 4: {fileID: 455050}
  - 33: {fileID: 3302428}
  - 23: {fileID: 2353370}
  m_Layer: 0
  m_Name: OBUS_037
  m_TagString: Untagged
  m_Icon: {fileID: 0}
  m_NavMeshLayer: 0
  m_StaticEditorFlags: 0
  m_IsActive: 1
--- !u!1 &150788
GameObject:
  m_ObjectHideFlags: 0
  m_PrefabParentObject: {fileID: 0}
  m_PrefabInternal: {fileID: 100100000}
  serializedVersion: 4
  m_Component:
  - 4: {fileID: 453128}
  m_Layer: 0
  m_Name: bulletDock05
  m_TagString: Untagged
  m_Icon: {fileID: 0}
  m_NavMeshLayer: 0
  m_StaticEditorFlags: 0
  m_IsActive: 1
--- !u!1 &153140
GameObject:
  m_ObjectHideFlags: 0
  m_PrefabParentObject: {fileID: 0}
  m_PrefabInternal: {fileID: 100100000}
  serializedVersion: 4
  m_Component:
  - 4: {fileID: 433174}
  m_Layer: 0
  m_Name: bulletDock04
  m_TagString: Untagged
  m_Icon: {fileID: 0}
  m_NavMeshLayer: 0
  m_StaticEditorFlags: 0
  m_IsActive: 1
--- !u!1 &165688
GameObject:
  m_ObjectHideFlags: 1
  m_PrefabParentObject: {fileID: 0}
  m_PrefabInternal: {fileID: 100100000}
  serializedVersion: 4
  m_Component:
  - 4: {fileID: 459892}
  - 33: {fileID: 3323914}
  - 23: {fileID: 2390756}
  m_Layer: 0
  m_Name: OBUS_037
  m_TagString: Untagged
  m_Icon: {fileID: 0}
  m_NavMeshLayer: 0
  m_StaticEditorFlags: 0
  m_IsActive: 1
--- !u!1 &170002
GameObject:
  m_ObjectHideFlags: 0
  m_PrefabParentObject: {fileID: 0}
  m_PrefabInternal: {fileID: 100100000}
  serializedVersion: 4
  m_Component:
  - 4: {fileID: 479144}
  m_Layer: 0
  m_Name: bulletDock01
  m_TagString: Untagged
  m_Icon: {fileID: 0}
  m_NavMeshLayer: 0
  m_StaticEditorFlags: 0
  m_IsActive: 1
--- !u!1 &176000
GameObject:
  m_ObjectHideFlags: 1
  m_PrefabParentObject: {fileID: 0}
  m_PrefabInternal: {fileID: 100100000}
  serializedVersion: 4
  m_Component:
  - 4: {fileID: 483986}
  - 33: {fileID: 3377706}
  - 23: {fileID: 2382178}
  m_Layer: 0
  m_Name: OBUS_037
  m_TagString: Untagged
  m_Icon: {fileID: 0}
  m_NavMeshLayer: 0
  m_StaticEditorFlags: 0
  m_IsActive: 1
--- !u!1 &178428
GameObject:
  m_ObjectHideFlags: 1
  m_PrefabParentObject: {fileID: 0}
  m_PrefabInternal: {fileID: 100100000}
  serializedVersion: 4
  m_Component:
  - 4: {fileID: 481776}
  - 33: {fileID: 3389222}
  - 23: {fileID: 2367156}
  m_Layer: 0
  m_Name: OBUS_037
  m_TagString: Untagged
  m_Icon: {fileID: 0}
  m_NavMeshLayer: 0
  m_StaticEditorFlags: 0
  m_IsActive: 1
--- !u!1 &184018
GameObject:
  m_ObjectHideFlags: 1
  m_PrefabParentObject: {fileID: 0}
  m_PrefabInternal: {fileID: 100100000}
  serializedVersion: 4
  m_Component:
  - 4: {fileID: 442062}
  - 33: {fileID: 3362384}
  - 23: {fileID: 2333298}
  m_Layer: 0
  m_Name: OBUS_037
  m_TagString: Untagged
  m_Icon: {fileID: 0}
  m_NavMeshLayer: 0
  m_StaticEditorFlags: 0
  m_IsActive: 1
--- !u!1 &189520
GameObject:
  m_ObjectHideFlags: 0
  m_PrefabParentObject: {fileID: 0}
  m_PrefabInternal: {fileID: 100100000}
  serializedVersion: 4
  m_Component:
  - 4: {fileID: 443524}
  m_Layer: 0
  m_Name: bulletDock02
  m_TagString: Untagged
  m_Icon: {fileID: 0}
  m_NavMeshLayer: 0
  m_StaticEditorFlags: 0
  m_IsActive: 1
--- !u!4 &433174
Transform:
  m_ObjectHideFlags: 1
  m_PrefabParentObject: {fileID: 0}
  m_PrefabInternal: {fileID: 100100000}
  m_GameObject: {fileID: 153140}
  m_LocalRotation: {x: -.707106888, y: 0, z: 5.32907052e-15, w: .707106709}
  m_LocalPosition: {x: 4.26999998, y: 15.1099997, z: 31.1100006}
  m_LocalScale: {x: 1, y: 1, z: 1}
  m_Children:
  - {fileID: 459892}
  m_Father: {fileID: 467328}
  m_RootOrder: 3
--- !u!4 &442062
Transform:
  m_ObjectHideFlags: 1
  m_PrefabParentObject: {fileID: 0}
  m_PrefabInternal: {fileID: 100100000}
  m_GameObject: {fileID: 184018}
  m_LocalRotation: {x: .683012784, y: .183012649, z: .683012664, w: .18301262}
  m_LocalPosition: {x: 0, y: 0, z: -0}
  m_LocalScale: {x: .100000001, y: .100000009, z: .100000001}
  m_Children: []
  m_Father: {fileID: 453128}
  m_RootOrder: 0
--- !u!4 &443524
Transform:
  m_ObjectHideFlags: 1
  m_PrefabParentObject: {fileID: 0}
  m_PrefabInternal: {fileID: 100100000}
  m_GameObject: {fileID: 189520}
  m_LocalRotation: {x: -.707106888, y: 0, z: 5.32907052e-15, w: .707106709}
  m_LocalPosition: {x: 4.26999998, y: 15.3199997, z: 16.6900005}
  m_LocalScale: {x: 1, y: 1, z: 1}
  m_Children:
  - {fileID: 483986}
  m_Father: {fileID: 467328}
  m_RootOrder: 1
--- !u!4 &453128
Transform:
  m_ObjectHideFlags: 1
  m_PrefabParentObject: {fileID: 0}
  m_PrefabInternal: {fileID: 100100000}
  m_GameObject: {fileID: 150788}
  m_LocalRotation: {x: -.707106888, y: 0, z: 5.32907052e-15, w: .707106709}
  m_LocalPosition: {x: 4.26999998, y: 15.5200005, z: 38.6500015}
  m_LocalScale: {x: 1, y: 1, z: 1}
  m_Children:
  - {fileID: 442062}
  m_Father: {fileID: 467328}
  m_RootOrder: 4
--- !u!4 &455050
Transform:
  m_ObjectHideFlags: 1
  m_PrefabParentObject: {fileID: 0}
  m_PrefabInternal: {fileID: 100100000}
  m_GameObject: {fileID: 145792}
  m_LocalRotation: {x: .683012784, y: .183012649, z: .683012664, w: .18301262}
  m_LocalPosition: {x: 0, y: 0, z: -0}
  m_LocalScale: {x: .100000001, y: .100000009, z: .100000001}
  m_Children: []
  m_Father: {fileID: 457894}
  m_RootOrder: 0
--- !u!4 &457894
Transform:
  m_ObjectHideFlags: 1
  m_PrefabParentObject: {fileID: 0}
  m_PrefabInternal: {fileID: 100100000}
  m_GameObject: {fileID: 136594}
  m_LocalRotation: {x: -.707106888, y: 0, z: 5.32907052e-15, w: .707106709}
  m_LocalPosition: {x: 4.26999998, y: 15.4799995, z: 24.0499992}
  m_LocalScale: {x: 1, y: 1, z: 1}
  m_Children:
  - {fileID: 455050}
  m_Father: {fileID: 467328}
  m_RootOrder: 2
--- !u!4 &459892
Transform:
  m_ObjectHideFlags: 1
  m_PrefabParentObject: {fileID: 0}
  m_PrefabInternal: {fileID: 100100000}
  m_GameObject: {fileID: 165688}
  m_LocalRotation: {x: .683012784, y: .183012649, z: .683012664, w: .18301262}
  m_LocalPosition: {x: 0, y: 0, z: -0}
  m_LocalScale: {x: .100000001, y: .100000009, z: .100000001}
  m_Children: []
  m_Father: {fileID: 433174}
  m_RootOrder: 0
--- !u!4 &467328
Transform:
  m_ObjectHideFlags: 1
  m_PrefabParentObject: {fileID: 0}
  m_PrefabInternal: {fileID: 100100000}
  m_GameObject: {fileID: 125242}
  m_LocalRotation: {x: -.707106888, y: 0, z: 5.32907052e-15, w: .707106709}
  m_LocalPosition: {x: -30, y: 19, z: 0}
  m_LocalScale: {x: 1, y: 1, z: 1}
  m_Children:
  - {fileID: 479144}
  - {fileID: 443524}
  - {fileID: 457894}
  - {fileID: 433174}
  - {fileID: 453128}
  m_Father: {fileID: 0}
  m_RootOrder: 0
--- !u!4 &479144
Transform:
  m_ObjectHideFlags: 1
  m_PrefabParentObject: {fileID: 0}
  m_PrefabInternal: {fileID: 100100000}
  m_GameObject: {fileID: 170002}
  m_LocalRotation: {x: 0, y: 0, z: 0, w: 1}
  m_LocalPosition: {x: 4.26999998, y: 8.53999996, z: 13.04}
  m_LocalScale: {x: 1, y: 1, z: 1}
  m_Children:
  - {fileID: 481776}
  m_Father: {fileID: 467328}
  m_RootOrder: 0
--- !u!4 &481776
Transform:
  m_ObjectHideFlags: 1
  m_PrefabParentObject: {fileID: 0}
  m_PrefabInternal: {fileID: 100100000}
  m_GameObject: {fileID: 178428}
  m_LocalRotation: {x: .683012784, y: .183012649, z: .683012664, w: .18301262}
  m_LocalPosition: {x: 0, y: 0, z: -0}
  m_LocalScale: {x: .100000001, y: .100000009, z: .100000001}
  m_Children: []
  m_Father: {fileID: 479144}
  m_RootOrder: 0
--- !u!4 &483986
Transform:
  m_ObjectHideFlags: 1
  m_PrefabParentObject: {fileID: 0}
  m_PrefabInternal: {fileID: 100100000}
  m_GameObject: {fileID: 176000}
  m_LocalRotation: {x: .683012784, y: .183012649, z: .683012664, w: .18301262}
  m_LocalPosition: {x: 0, y: 0, z: -0}
  m_LocalScale: {x: .100000001, y: .100000009, z: .100000001}
  m_Children: []
  m_Father: {fileID: 443524}
  m_RootOrder: 0
--- !u!23 &2333298
MeshRenderer:
  m_ObjectHideFlags: 1
  m_PrefabParentObject: {fileID: 0}
  m_PrefabInternal: {fileID: 100100000}
  m_GameObject: {fileID: 184018}
  m_Enabled: 1
  m_CastShadows: 1
  m_ReceiveShadows: 1
  m_Materials:
  - {fileID: 2100000, guid: f160824a16a82964cb29b12d889c0247, type: 2}
  m_SubsetIndices: 
  m_StaticBatchRoot: {fileID: 0}
  m_UseLightProbes: 1
  m_ReflectionProbeUsage: 1
  m_ProbeAnchor: {fileID: 0}
  m_ScaleInLightmap: 1
  m_PreserveUVs: 0
  m_ImportantGI: 0
  m_AutoUVMaxDistance: .5
  m_AutoUVMaxAngle: 89
  m_LightmapParameters: {fileID: 0}
  m_SortingLayerID: 0
  m_SortingOrder: 0
--- !u!23 &2353370
MeshRenderer:
  m_ObjectHideFlags: 1
  m_PrefabParentObject: {fileID: 0}
  m_PrefabInternal: {fileID: 100100000}
  m_GameObject: {fileID: 145792}
  m_Enabled: 1
  m_CastShadows: 1
  m_ReceiveShadows: 1
  m_Materials:
  - {fileID: 2100000, guid: f160824a16a82964cb29b12d889c0247, type: 2}
  m_SubsetIndices: 
  m_StaticBatchRoot: {fileID: 0}
  m_UseLightProbes: 1
  m_ReflectionProbeUsage: 1
  m_ProbeAnchor: {fileID: 0}
  m_ScaleInLightmap: 1
  m_PreserveUVs: 0
  m_ImportantGI: 0
  m_AutoUVMaxDistance: .5
  m_AutoUVMaxAngle: 89
  m_LightmapParameters: {fileID: 0}
  m_SortingLayerID: 0
  m_SortingOrder: 0
--- !u!23 &2367156
MeshRenderer:
  m_ObjectHideFlags: 1
  m_PrefabParentObject: {fileID: 0}
  m_PrefabInternal: {fileID: 100100000}
  m_GameObject: {fileID: 178428}
  m_Enabled: 1
  m_CastShadows: 1
  m_ReceiveShadows: 1
  m_Materials:
  - {fileID: 2100000, guid: f160824a16a82964cb29b12d889c0247, type: 2}
  m_SubsetIndices: 
  m_StaticBatchRoot: {fileID: 0}
  m_UseLightProbes: 1
  m_ReflectionProbeUsage: 1
  m_ProbeAnchor: {fileID: 0}
  m_ScaleInLightmap: 1
  m_PreserveUVs: 0
  m_ImportantGI: 0
  m_AutoUVMaxDistance: .5
  m_AutoUVMaxAngle: 89
  m_LightmapParameters: {fileID: 0}
  m_SortingLayerID: 0
  m_SortingOrder: 0
--- !u!23 &2382178
MeshRenderer:
  m_ObjectHideFlags: 1
  m_PrefabParentObject: {fileID: 0}
  m_PrefabInternal: {fileID: 100100000}
  m_GameObject: {fileID: 176000}
  m_Enabled: 1
  m_CastShadows: 1
  m_ReceiveShadows: 1
  m_Materials:
  - {fileID: 2100000, guid: f160824a16a82964cb29b12d889c0247, type: 2}
  m_SubsetIndices: 
  m_StaticBatchRoot: {fileID: 0}
  m_UseLightProbes: 1
  m_ReflectionProbeUsage: 1
  m_ProbeAnchor: {fileID: 0}
  m_ScaleInLightmap: 1
  m_PreserveUVs: 0
  m_ImportantGI: 0
  m_AutoUVMaxDistance: .5
  m_AutoUVMaxAngle: 89
  m_LightmapParameters: {fileID: 0}
  m_SortingLayerID: 0
  m_SortingOrder: 0
--- !u!23 &2390756
MeshRenderer:
  m_ObjectHideFlags: 1
  m_PrefabParentObject: {fileID: 0}
  m_PrefabInternal: {fileID: 100100000}
  m_GameObject: {fileID: 165688}
  m_Enabled: 1
  m_CastShadows: 1
  m_ReceiveShadows: 1
  m_Materials:
  - {fileID: 2100000, guid: f160824a16a82964cb29b12d889c0247, type: 2}
  m_SubsetIndices: 
  m_StaticBatchRoot: {fileID: 0}
  m_UseLightProbes: 1
  m_ReflectionProbeUsage: 1
  m_ProbeAnchor: {fileID: 0}
  m_ScaleInLightmap: 1
  m_PreserveUVs: 0
  m_ImportantGI: 0
  m_AutoUVMaxDistance: .5
  m_AutoUVMaxAngle: 89
  m_LightmapParameters: {fileID: 0}
  m_SortingLayerID: 0
  m_SortingOrder: 0
--- !u!33 &3302428
MeshFilter:
  m_ObjectHideFlags: 1
  m_PrefabParentObject: {fileID: 0}
  m_PrefabInternal: {fileID: 100100000}
  m_GameObject: {fileID: 145792}
  m_Mesh: {fileID: 4300014, guid: 5a0c186762abeeb4dbbbf0afc3f26094, type: 3}
--- !u!33 &3323914
MeshFilter:
  m_ObjectHideFlags: 1
  m_PrefabParentObject: {fileID: 0}
  m_PrefabInternal: {fileID: 100100000}
  m_GameObject: {fileID: 165688}
  m_Mesh: {fileID: 4300014, guid: 5a0c186762abeeb4dbbbf0afc3f26094, type: 3}
--- !u!33 &3362384
MeshFilter:
  m_ObjectHideFlags: 1
  m_PrefabParentObject: {fileID: 0}
  m_PrefabInternal: {fileID: 100100000}
  m_GameObject: {fileID: 184018}
  m_Mesh: {fileID: 4300014, guid: 5a0c186762abeeb4dbbbf0afc3f26094, type: 3}
--- !u!33 &3377706
MeshFilter:
  m_ObjectHideFlags: 1
  m_PrefabParentObject: {fileID: 0}
  m_PrefabInternal: {fileID: 100100000}
  m_GameObject: {fileID: 176000}
  m_Mesh: {fileID: 4300014, guid: 5a0c186762abeeb4dbbbf0afc3f26094, type: 3}
--- !u!33 &3389222
MeshFilter:
  m_ObjectHideFlags: 1
  m_PrefabParentObject: {fileID: 0}
  m_PrefabInternal: {fileID: 100100000}
  m_GameObject: {fileID: 178428}
  m_Mesh: {fileID: 4300014, guid: 5a0c186762abeeb4dbbbf0afc3f26094, type: 3}
--- !u!95 &9545018
Animator:
  serializedVersion: 3
  m_ObjectHideFlags: 1
  m_PrefabParentObject: {fileID: 0}
  m_PrefabInternal: {fileID: 100100000}
  m_GameObject: {fileID: 125242}
  m_Enabled: 1
  m_Avatar: {fileID: 0}
  m_Controller: {fileID: 9100000, guid: da60c4f8b5ecf4f4483770cd8ed1616e, type: 2}
  m_CullingMode: 0
  m_UpdateMode: 0
  m_ApplyRootMotion: 0
  m_LinearVelocityBlending: 0
  m_WarningMessage: 
  m_HasTransformHierarchy: 1
  m_AllowConstantClipSamplingOptimization: 1
--- !u!1001 &100100000
Prefab:
  m_ObjectHideFlags: 1
  serializedVersion: 2
  m_Modification:
    m_TransformParent: {fileID: 0}
    m_Modifications: []
    m_RemovedComponents: []
  m_ParentPrefab: {fileID: 0}
  m_RootGameObject: {fileID: 125242}
  m_IsPrefabParent: 1
